@misc{shi2016realtime,
      title={Real-Time Single Image and Video Super-Resolution Using an Efficient Sub-Pixel Convolutional Neural Network}, 
      author={Wenzhe Shi and Jose Caballero and Ferenc Husz√°r and Johannes Totz and Andrew P. Aitken and Rob Bishop and Daniel Rueckert and Zehan Wang},
      year={2016},
      eprint={1609.05158},
      archivePrefix={arXiv},
      primaryClass={cs.CV}
}