@misc{shi2016realtime,
      title={Real-Time Single Image and Video Super-Resolution Using an Efficient Sub-Pixel Convolutional Neural Network}, 
      author={Wenzhe Shi and Jose Caballero and Ferenc Husz√°r and Johannes Totz and Andrew P. Aitken and Rob Bishop and Daniel Rueckert and Zehan Wang},
      year={2016},
      eprint={1609.05158},
      archivePrefix={arXiv},
      primaryClass={cs.CV}
}

@misc{crt,
title={Toshiba's Cumulative Production of Color Cathode Ray Tubes Reaches 200 Million, https://www.toshiba.co.jp/about/press/1995_12/pr2101.htm},
}

@misc{imagenet,
title={ImageNet},
}